<record><leader>01809cam a2200397 i 4500</leader><controlfield tag="001">6765869</controlfield><controlfield tag="003">OCoLC</controlfield><controlfield tag="005">20141211143610.0</controlfield><controlfield tag="008">140414s2015    maua     b    001 0 eng  </controlfield><datafield ind1=" " ind2=" " tag="010"><subfield code="a">  2014011215</subfield></datafield><datafield ind1=" " ind2=" " tag="020"><subfield code="a">9780674289949</subfield></datafield><datafield ind1=" " ind2=" " tag="020"><subfield code="a">0674289943</subfield></datafield><datafield ind1=" " ind2=" " tag="035"><subfield code="a">ocn877809102</subfield></datafield><datafield ind1=" " ind2=" " tag="040"><subfield code="a">DLC</subfield><subfield code="b">eng</subfield><subfield code="e">rda</subfield><subfield code="c">DLC</subfield><subfield code="d">OCLCO</subfield><subfield code="d">BDX</subfield><subfield code="d">OCLCO</subfield><subfield code="d">OCLCF</subfield><subfield code="d">HLS</subfield><subfield code="d">YDXCP</subfield><subfield code="d">OCLCQ</subfield><subfield code="d">BTCTA</subfield><subfield code="d">OCLCQ</subfield><subfield code="d">UAB</subfield></datafield><datafield ind1=" " ind2=" " tag="042"><subfield code="a">pcc</subfield></datafield><datafield ind1=" " ind2=" " tag="043"><subfield code="a">n-us---</subfield><subfield code="a">d------</subfield></datafield><datafield ind1="0" ind2="0" tag="050"><subfield code="a">HN90.C6</subfield><subfield code="b">I44 2015</subfield></datafield><datafield ind1="0" ind2="0" tag="082"><subfield code="a">307.1/40973</subfield><subfield code="2">23</subfield></datafield><datafield ind1=" " ind2=" " tag="090"><subfield code="a">HN 90 C6 I44 2015</subfield><subfield code="b">AEU</subfield></datafield><datafield ind1="1" ind2=" " tag="100"><subfield code="a">Immerwahr, Daniel,</subfield><subfield code="d">1980-</subfield><subfield code="e">author.</subfield></datafield><datafield ind1="1" ind2="0" tag="245"><subfield code="a">Thinking small :</subfield><subfield code="b">the United States and the lure of community development /</subfield><subfield code="c">Daniel Immerwahr.</subfield></datafield><datafield ind1=" " ind2="1" tag="264"><subfield code="a">Cambridge, Massachusetts :</subfield><subfield code="b">Harvard University Press,</subfield><subfield code="c">2015.</subfield></datafield><datafield ind1=" " ind2=" " tag="300"><subfield code="a">x, 253 pages :</subfield><subfield code="b">illustrations ;</subfield><subfield code="c">25 cm</subfield></datafield><datafield ind1=" " ind2=" " tag="336"><subfield code="a">text</subfield><subfield code="b">txt</subfield><subfield code="2">rdacontent</subfield></datafield><datafield ind1=" " ind2=" " tag="337"><subfield code="a">unmediated</subfield><subfield code="b">n</subfield><subfield code="2">rdamedia</subfield></datafield><datafield ind1=" " ind2=" " tag="338"><subfield code="a">volume</subfield><subfield code="b">nc</subfield><subfield code="2">rdacarrier</subfield></datafield><datafield ind1=" " ind2=" " tag="504"><subfield code="a">Includes bibliographical references and index.</subfield></datafield><datafield ind1="0" ind2=" " tag="505"><subfield code="a">Introduction: Actually existing localism -- When small was big -- Development without modernization -- Peasantville -- Grassroots empire -- Urban villages -- Epilogue: What is dead and what is undead in community development?</subfield></datafield><datafield ind1=" " ind2=" " tag="596"><subfield code="a">16</subfield></datafield><datafield ind1=" " ind2="0" tag="650"><subfield code="a">Community development</subfield><subfield code="z">United States</subfield><subfield code="x">History.</subfield></datafield><datafield ind1=" " ind2="0" tag="650"><subfield code="a">Community development</subfield><subfield code="z">Developing countries</subfield><subfield code="x">History.</subfield></datafield><datafield ind1=" " ind2="0" tag="650"><subfield code="a">Economic assistance, American</subfield><subfield code="z">Developing countries</subfield><subfield code="x">History.</subfield></datafield><datafield ind1=" " ind2="0" tag="650"><subfield code="a">Rural development projects</subfield><subfield code="z">United States</subfield><subfield code="x">History.</subfield></datafield><datafield ind1=" " ind2="0" tag="650"><subfield code="a">Rural development projects</subfield><subfield code="z">Developing countries</subfield><subfield code="x">History.</subfield></datafield><datafield ind1=" " ind2=" " tag="949"><subfield code="a">HN 90 C6 I44 2015</subfield><subfield code="c">1</subfield><subfield code="h">UAAU-B</subfield><subfield code="i">0162035216348</subfield></datafield><datafield ind1=" " ind2=" " tag="926"><subfield code="a">HN 90 C6 I44 2015</subfield><subfield code="w">LC</subfield><subfield code="c">1</subfield><subfield code="i">0162035216348</subfield><subfield code="d">1/30/2017</subfield><subfield code="e">1/30/2017</subfield><subfield code="k">CHECKEDOUT</subfield><subfield code="l">ON_SHELF</subfield><subfield code="m">UAAUG</subfield><subfield code="n">12</subfield><subfield code="p">$150.00</subfield><subfield code="r">M</subfield><subfield code="s">Y</subfield><subfield code="t">BOOK</subfield><subfield code="u">1/6/2015</subfield></datafield></record>